% --- Online Sources ---

@online{ericsson_iran_2025,
  author       = {Ericsson},
  title        = {Intelligent RAN Automation},
  year         = {2025},
  url          = {https://www.ericsson.com/en/ran/intelligent-ran-automation},
  note         = {Accessed: Jul. 18, 2025}
}

@online{nvidia_sionna_2025,
  author       = {NVIDIA},
  title        = {Sionna: Link-Level Simulation Library for AI-Native Air Interface Research},
  year         = {2025},
  url          = {https://nvlabs.github.io/sionna/},
  note         = {Accessed: Jul. 18, 2025}
}

@online{nvidia_cuphy_overview_2025,
  author       = {NVIDIA},
  title        = {Aerial SDK cuPHY Overview},
  year         = {2025},
  url          = {https://docs.nvidia.com/aerial/aerial-cuphy/current/text/overview.html},
  note         = {Accessed: Jul. 18, 2025}
}

@online{nvidia_cubb_quickstart_2025,
  author       = {NVIDIA},
  title        = {Aerial cuBB Quickstart Overview},
  year         = {2025},
  url          = {https://docs.nvidia.com/aerial/archive/cuda-accelerated-ran/24-1/aerial\_cubb/cubb\_quickstart/cubb\_quickstart\_overview.html},
  note         = {Accessed: Jul. 18, 2025}
}


% --- Journal Article ---

@article{letaief_roadmap_2019,
  author       = {Letaief, K. B. and Chen, W. and Shi, Y. and Zhang, J. and Zhang, Y.-J. A.},
  title        = {The Roadmap to 6G: AI Empowered Wireless Networks},
  journal      = {IEEE Communications Magazine},
  year         = {2019},
  volume       = {57},
  number       = {8},
  pages        = {84--90},
  month        = {Aug.},
  doi          = {10.1109/MCOM.2019.1900271}
}